@book{rice2007,
	author = {Rice, John A.},
	edition = {Third},
	publisher = {Thomson/Brooks/Cole},
	series = {Duxbury Advanced Series},
	title = {Mathematical Statistics and Data Analysis},
	year = {2007}
}

@book{euler,
	ISBN = {9780691191379},
	author = {David S. Richeson},
	publisher = {Princeton University Press},
	title = {Euler's Gem: The Polyhedron Formula and the Birth of Topology},
	numpages = {336},
	year = {2019}
}

@book{euclid,
	ISBN = {0615179843},
	author = {Euclid},
	publisher = {Richard Fitzpatrick},
	title = {Euclid's Elements of Geometry},
	numpages = {544},
	year = {2007}
}

@book{rosen2011discrete,
	title={Discrete Mathematics and Its Applications},
	author={Rosen, Kenneth H.},
	edition = {7th},
	isbn={9780073383095},
	year={2011},
	publisher={McGraw-Hill Education}
}

@book{coxeter1973regular,
	title={Regular Polytopes},
	author={Coxeter, Harold S M},
	isbn={9780486614809},
	lccn={73084364},
	series={Dover books on advanced mathematics},
	publisher={Dover Publications},
	year = {1973}
}

@article{fractionalDim,
	author = {Benoit Mandelbrot},
	title = {How Long Is the Coast of Britain? Statistical Self-Similarity and Fractional Dimension},
	journal = {Science},
	volume = {156},
	number = {3775},
	pages = {636-638},
	year = {1967},
	doi = {10.1126/science.156.3775.636},
	URL = {https://www.science.org/doi/abs/10.1126/science.156.3775.636},
	eprint = {https://www.science.org/doi/pdf/10.1126/science.156.3775.636}
}

@article{countingHypercubes,
	title = {Counting hypercubes in hypercubes},
	journal = {Discrete Mathematics},
	volume = {306},
	number = {22},
	pages = {2964-2967},
	year = {2006},
	issn = {0012-365X},
	doi = {https://doi.org/10.1016/j.disc.2005.10.036},
	url = {https://www.sciencedirect.com/science/article/pii/S0012365X06005085},
	author = {Sandi Klav≈æar},
	keywords = {Hypercubes, Binomial identities, Enumeration}
}





