@book{rice2007,
	author = {Rice, John A.},
	edition = {Third},
	publisher = {Thomson/Brooks/Cole},
	series = {Duxbury Advanced Series},
	title = {Mathematical Statistics and Data Analysis},
	year = {2007}
}

@book{euler,
	ISBN = {9780691191379},
	author = {David S. Richeson},
	publisher = {Princeton University Press},
	title = {Euler's Gem: The Polyhedron Formula and the Birth of Topology},
	numpages = {336},
	year = {2019}
}

@book{euclid,
	ISBN = {0615179843},
	author = {Euclid},
	publisher = {Richard Fitzpatrick},
	title = {Euclid's Elements of Geometry},
	numpages = {544},
	year = {2007}
}

@book{rosen2011discrete,
	title={Discrete Mathematics and Its Applications},
	author={Rosen, Kenneth H.},
	edition = {7th},
	isbn={9780073383095},
	year={2011},
	publisher={McGraw-Hill Education}
}











